@Book{Jayaraman2009,
  author    = {Jayaraman, Subramania and Esakkirajan, S. and Veerakumar, T.},
  publisher = {Tata McGraw Hill Education New Delhi},
  title     = {Digital image processing},
  year      = {2009},
  volume    = {7014},
}

@Comment{jabref-meta: databaseType:bibtex;}
